
@article{盐田港,
title = "深圳港口拥堵严重，部分船公司宣布跳港",
journal = "中国航务周刊",
issue = "23",
pages = "20",
year = "2021",
issn = "1006-2149",
author = {中国航务周刊编辑部}
}

@article{Snyder2005,
   author = {Snyder, Lawrence V. and Daskin, Mark S.},
   title = {Reliability Models for Facility Location: The Expected Failure Cost Case},
   journal = {Transportation Science},
   volume = {39},
   number = {3},
   pages = {400-416},
   ISSN = {0041-1655
1526-5447},
   year = {2005},
   type = {Journal Article}
}



@article{Snyder2006综述,
   author = {Snyder, Lawrence V.},
   title = {Facility location under uncertainty: a review},
   journal = {IIE Transactions},
   volume = {38},
   number = {7},
   pages = {547-564},
   ISSN = {0740-817X
1545-8830},    
   year = {2006},
   type = {Journal Article}
}

@article{周愉峰综述,
   author = {周愉峰},
   title = {考虑失灵风险的可靠性设施选址问题综述},
   journal = {重庆工商大学学报(自然科学版)},
   volume = {33},
   number = {02},
   pages = {58-67},
   ISSN = {1672-058X},
   year = {2016},
   type = {Journal Article}
}

@phdthesis{董鹏,
   author = {董鹏},
   title = {基于信息失效情景的区域物流网络可靠性选址问题研究},
   school = {北京交通大学},
   address = {北京},
   year = {2018},
   type = {phdthesis}
}


@article{BermanReliability,
   author = {Berman, Oded and Krass, Dmitry and Menezes, Mozart B. C.},
   title = {Facility Reliability Issues in Networkp-Median Problems: Strategic Centralization and Co-Location Effects},
   journal = {Operations Research},
   volume = {55},
   number = {2},
   pages = {332-350},
   ISSN = {0030-364X
1526-5463},
   year = {2007},
   type = {Journal Article}
}

@article{BermanIncompleteInformation,
   author = {Berman, Oded and Krass, Dmitry and Menezes, Mozart B. C.},
   title = {Locating Facilities in the Presence of Disruptions and Incomplete Information},
   journal = {Decision Sciences},
   volume = {40},
   number = {4},
   pages = {845-868},
   abstract = {},
   ISSN = {00117315 15405915},
   year = {2009},
   type = {Journal Article}
}

@book{Daskin书,
   author = {Daskin, Mark S.},
   title = {Network and Discrete Location : Models, Algorithms, and Applications},
   publisher = {John Wiley \& Sons, Incorporated},
   address = {Somerset,UNITED STATES},
   ISBN = {9781118536964},
   year = {2013},
   type = {Book}
}

@book{weber,
  title={Ueber den Standort der Industrien},
  author={Weber, A.},
  isbn={9785880850846},
  year={1922},
  publisher={Mohr},
  address = {Tübingen, Germany}
}

@article{maxshen,
year = {2016},
volume = {9},
journal = {Foundations and Trends® in Technology, Information and Operations Management},
title = {Integrated Modeling for Location Analysis},     
issn = {1571-9545},
number = {1–2},
pages = {1-152},
author = {Ho-Yin Mak and Zuo-Jun Max Shen},
type = {Journal Article}
}

@article{Cui2010,
   author = {Cui, Tingting and Ouyang, Yanfeng and Shen, Zuo-Jun Max},
   title = {Reliable Facility Location Design Under the Risk of Disruptions},
   journal = {Operations Research},
   volume = {58},
   number = {4-part-1},
   pages = {998-1011},
   ISSN = {0030-364X
1526-5463},
   year = {2010},
   type = {Journal Article}
}

@article{Shen2011,
   author = {Shen, Zuo-Jun Max and Zhan, Roger Lezhou and Zhang, Jiawei},
   title = {The Reliable Facility Location Problem: Formulations, Heuristics, and Approximation Algorithms},
   journal = {INFORMS Journal on Computing},
   volume = {23},
   number = {3},
   pages = {470-482},  
   year = {2011},
   type = {Journal Article}
}

@book{garey1979computers,
  title={Computers and Intractability: A Guide to the Theory of NP-completeness},
  author={Garey, M.R. and Johnson, D.S.},
  isbn={9780716710448},
  lccn={lc78012361},
  series={Mathematical Sciences Series},
  year={1979},
  publisher={Freeman},
  address = {New York, USA}
}

@article{LiXP2013,
   author = {Li, X. P. and Ouyang, Y. F. and Peng, F.},
   title = {A supporting station model for reliable infrastructure location design under interdependent disruptions},
   journal = {Transportation Research Part E-Logistics and Transportation Review},
   volume = {60},
   pages = {80-93},
   ISSN = {1366-5545},        
   year = {2013},
   type = {Journal Article}
}

@Inbook{karp,
author="Karp, Richard M.",
editor="Miller, Raymond E.
and Thatcher, James W.
and Bohlinger, Jean D.",
title="Reducibility among Combinatorial Problems",
bookTitle="Complexity of Computer Computations: Proceedings of a symposium on the Complexity of Computer Computations",
year="1972",
publisher="Springer US",
address="Boston, MA",
pages="85--103",
isbn="978-1-4684-2001-2",  
}

@article{Everett,
author = {Everett, Hugh},
title = {Generalized Lagrange Multiplier Method for Solving Problems of Optimum Allocation of Resources},
journal = {Operations Research},
volume = {11},
number = {3},
pages = {399-417},
year = {1963},
}

@article{Fisher1973,
author = {Fisher, Marshall L.},
title = {Optimal Solution of Scheduling Problems Using Lagrange Multipliers: Part I},
journal = {Operations Research},
volume = {21},
number = {5},
pages = {1114-1127},
year = {1973},         
}

@Inbook{Geoffrion1974,
author="Geoffrion, A. M.",
editor="Balinski, M. L.",
title="Lagrangean relaxation for integer programming",
bookTitle="Approaches to Integer Programming",
year="1974",
publisher="Springer Berlin Heidelberg",
address="Berlin, Heidelberg",
pages="82--114"}

@phdthesis{温旭红,
   author = {温旭红},
   title = {铁路车流分配优化模型与拉格朗日松弛算法求解研究},
   school = {北京交通大学},
   address = {北京},
   year = {2016},
   type = {phdthesis}
}

@article{yun2015,
   author = {Yun, Lifen and Qin, Yong and Fan, Hongqiang and Ji, Changxu and Li, Xiaopeng and Jia, Limin},
   title = {A reliability model for facility location design under imperfect information},
   journal = {Transportation Research Part B: Methodological},
   volume = {81},
   pages = {596-615},
   ISSN = {01912615},
   year = {2015},
   type = {Journal Article}
}

@article{Fisher2004,
   author = {Fisher, Marshall L.},
   title = {The Lagrangian Relaxation Method for Solving Integer Programming Problems},
   journal = {Management Science},
   volume = {50},
   number = {12},
   pages = {1861-1871},
   ISSN = {0025-1909 1526-5501},     
   year = {2004},
   type = {Journal Article}
}


@book{孙小玲,
  title={整数规划},
  author={孙小玲},
  isbn={9787030293800},
  year={2010},
  publisher={科学出版社},
  address= "北京"
}

@Inbook{Hearn2009,
author="Hearn, Donald W.
and Lowe, Timothy J.",
editor="Floudas, Christodoulos A.
and Pardalos, Panos M.",
title="Lagrangian duality: BASICS",
bookTitle="Encyclopedia of Optimization",
year="2009",
publisher="Springer US",
address="Boston, MA",
pages="1805--1813",
abstract="Keywords",
isbn="978-0-387-74759-0",   
}

@article{YUN2020,
title = {Reliable facility location design with round-trip transportation under imperfect information Part I: A discrete model},
journal = {Transportation Research Part E: Logistics and Transportation Review},
volume = {133},
pages = {101825},
year = {2020},
issn = {1366-5545},
author = {Lifen Yun and Xifu Wang and Hongqiang Fan and Xiaopeng Li},
keywords = {Reliability, Imperfect information, Facility location, Discrete model, Round-trip}
}

@article{vigo,
   author = {Toth, Paolo and Vigo, Daniele},
   title = {Models, relaxations and exact approaches for the capacitated vehicle routing problem},
   journal = {Discrete Applied Mathematics},
   volume = {123},
   number = {1-3},
   pages = {487-512},
   ISSN = {0166218X},
   year = {2002},
   type = {Journal Article}
}

@article{rpmp,
   author = {Albareda-Sambola, M. and Hinojosa, Y. and Puerto, J.},
   title = {The reliable p-median problem with at-facility service},
   journal = {European Journal of Operational Research},
   volume = {245},
   number = {3},
   pages = {656-666},
   ISSN = {0377-2217},
   year = {2015},
   type = {Journal Article}
}

@article{Dror1994,
author = {Dror, Moshe},
title = {Note on the Complexity of the Shortest Path Models for Column Generation in VRPTW},
journal = {Operations Research},
volume = {42},
number = {5},
pages = {977-978},
year = {1994},  
}


@article{pulse,
author = {Lozano, Leonardo and Duque, Daniel and Medaglia, Andr\'{e}s L.},  
journal = {Transportation Science},
number = {1},
pages = {348-357},
title = {An Exact Algorithm for the Elementary Shortest Path Problem with Resource Constraints},
volume = {50},
year = {2016},
}

@article{label,
  title={An exact algorithm for the elementary shortest path problem with resource constraints: Application to some vehicle routing problems},
  author={Feillet, Dominique and Dejax, Pierre and Gendreau, Michel and Gueguen, Cyrille},
  journal={Networks: An International Journal},
  volume={44},
  number={3},
  pages={216--229},
  year={2004},
  publisher={Wiley Online Library}
}

@article{lim,
   author = {Lim, Michael and Daskin, Mark S. and Bassamboo, Achal and Chopra, Sunil},
   title = {A facility reliability problem: Formulation, properties, and algorithm},
   journal = {Naval Research Logistics (NRL)},
   volume = {57},
   number = {1},
   pages = {58-70},
   ISSN = {0894069X},
   year = {2010},
   type = {Journal Article}
}

@Inbook{ils,
author="Louren{\c{c}}o, Helena R.
and Martin, Olivier C.
and St{\"u}tzle, Thomas",
editor="Gendreau, Michel
and Potvin, Jean-Yves",
title="Iterated Local Search: Framework and Applications",
bookTitle="Handbook of Metaheuristics",
year="2010",
publisher="Springer US",
address="Boston, MA",
pages="363--397",
isbn="978-1-4419-1665-5",    
}


@article{sa,
   author = {Bo, Lin and Bissan, Ghaddar and Jatin, Nathwani},
   title = {Electric vehicle routing with charging/discharging under time-variant electricity prices},
   journal = {Transportation Research Part C},
   volume = {130},
   ISSN = {0968-090X},
   year = {2021},
   type = {Journal Article},
   pages = {103285},
}

@article{vrpdst,
   author = {Schneider, Michael},
   title = {The vehicle-routing problem with time windows and driver-specific times},
   journal = {European Journal of Operational Research},
   volume = {250},
   number = {1},
   pages = {101-119},
   ISSN = {03772217},   
   year = {2016},
   type = {Journal Article}
}


@article{ts_lp,
   author = {Michel, Laurent and Van Hentenryck, Pascal},
   title = {A simple tabu search for warehouse location},
   journal = {European Journal of Operational Research},
   volume = {157},
   number = {3},
   pages = {576-591},
   ISSN = {03772217},     
   year = {2004},
   type = {Journal Article}
}

@article{sa_lp,
   author = {Santosa, Budi and Kresna, I. Gusti Ngurah Agung},
   title = {Simulated Annealing to Solve Single Stage Capacitated Warehouse Location Problem},
   journal = {Procedia Manufacturing},
   volume = {4},
   pages = {62-70},
   ISSN = {23519789},  
   year = {2015},
   type = {Journal Article}
}



@article{yun2017,
   author = {Yun, Lifen and Wang, X. and Fan, H. and Li, X.},
   title = {A reliable facility location design model with site-dependent disruption in the imperfect information context},
   journal = {PLoS One},
   volume = {12},
   number = {5},
   pages = {e0177104},
   ISSN = {1932-6203 (Electronic)
1932-6203 (Linking)},
   year = {2017},
   type = {Journal Article}
}

@article{Yongzhen,
   author = {Li, Yongzhen and Li, Xueping and Shu, Jia and Song, Miao and Zhang, Kaike},
   title = {A General Model and Efficient Algorithms for Reliable Facility Location Problem Under Uncertain Disruptions},
   journal = {INFORMS Journal on Computing},
   volume = {34},
   number = {1},
   pages = {407-426},
   year = {2022},
   type = {Journal Article}
}



@article{jepsen,
  title={A Branch-and-Cut Algorithm for the Elementary Shortest Path Prob-lem with Resource Constraints},
  author={Jepsen, Mads and Petersen, Bj{\o}rn and Spoorendonk, Simon},
  journal={Cut and Column Generation},
  pages={129},
  year={2008}
}


@article{Aboolian,
   author = {Aboolian, Robert and Cui, Tingting and Shen, Zuo-Jun Max},
   title = {An Efficient Approach for Solving Reliable Facility Location Models},
   journal = {INFORMS Journal on Computing},
   volume = {25},
   number = {4},
   pages = {720-729},
   year = {2013},
   type = {Journal Article}
}

@article{qingwei,
   author = {Li, Qingwei and Zeng, Bo and Savachkin, Alex},
   title = {Reliable facility location design under disruptions},
   journal = {Computers \& Operations Research},
   volume = {40},
   number = {4},
   pages = {901-909},
   year = {2013},
   type = {Journal Article}
}

@article{qingwei2,
   author = {Li, Qingwei and Savachkin, Alex},
   title = {A heuristic approach to the design of fortified distribution networks},
   journal = {Transportation Research Part E: Logistics and Transportation Review},
   volume = {50},
   pages = {138-148},
   ISSN = {13665545},
   year = {2013},
   type = {Journal Article}
}


@inproceedings{qingwei3,
Author = {Li, Qingwei and Savachkin, Alex},
Editor = {Gao, D and Ruan, N and Xing, W},
Title = {A Fast Tabu Search Algorithm for the Reliable P-Median Problem},
Booktitle = {ADVANCES IN GLOBAL OPTIMIZATION},
Series = {Springer Proceedings in Mathematics \& Statistics},
Year = {2015},
Volume = {95},
Pages = {417-424},
Note = {3rd World Congress of Global Optimization (WCGO), PEOPLES R CHINA, JUL
   08-12, 2013},
Publisher = {SPRINGER},
Address = {233 SPRING STREET, NEW YORK, NY 10013, UNITED STATES},
Type = {Proceedings Paper},
Language = {English},
Affiliation = {Li, QW (Corresponding Author), Univ S Florida, 4202 E Fowler Ave, Tampa, FL 33620 USA.
   Li, Qingwei; Savachkin, Alex, Univ S Florida, Tampa, FL 33620 USA.},
ISSN = {2194-1009},
ISBN = {978-3-319-08377-3; 978-3-319-08376-6},
Keywords-Plus = {FACILITY LOCATION DESIGN; DISRUPTIONS},
Research-Areas = {Mathematics},
Web-of-Science-Categories  = {Mathematics; Statistics \& Probability},
Author-Email = {qli4@mail.usf.edu
   alexs@usf.edu},
Affiliations = {State University System of Florida; University of South Florida},
Number-of-Cited-References = {15},
Times-Cited = {2},
Usage-Count-Last-180-days = {0},
Usage-Count-Since-2013 = {2},
Doc-Delivery-Number = {BD0WZ},
Web-of-Science-Index = {Conference Proceedings Citation Index - Science (CPCI-S)},
Unique-ID = {WOS:000357801400041},
DA = {2023-03-27},
}

@article{risk_averse1,
   author = {Yu, Guodong and Haskell, William B. and Liu, Yang},
   title = {Resilient facility location against the risk of disruptions},
   journal = {Transportation Research Part B: Methodological},
   volume = {104},
   pages = {82-105},
   ISSN = {01912615},
   year = {2017},
   type = {Journal Article}
}

@article{risk_averse2,
   author = {Yu, Guodong and Zhang, Jie},
   title = {Multi-dual decomposition solution for risk-averse facility location problem},
   journal = {Transportation Research Part E: Logistics and Transportation Review},
   volume = {116},
   pages = {70-89},
   ISSN = {13665545},
   year = {2018},
   type = {Journal Article}
}

@article{lu_correlated,
   author = {Lu, M. S. and Ran, L. and Shen, Z. J. M.},
   title = {Reliable Facility Location Design Under Uncertain Correlated Disruptions},
   journal = {M\&Som-Manufacturing \& Service Operations Management},
   volume = {17},
   number = {4},
   pages = {445-455},
   ISSN = {1523-4614},
   year = {2015},
   type = {Journal Article}
}

@article{Du,
   author = {Du, Bo and Zhou, Hong and Leus, Roel},
   title = {A two-stage robust model for a reliable p-center facility location problem},
   journal = {Applied Mathematical Modelling},
   volume = {77},
   pages = {99-114},
   ISSN = {0307904X},
   year = {2020},
   type = {Journal Article}
}


@article{peng,
   author = {Peng, Peng and Snyder, Lawrence V. and Lim, Andrew and Liu, Zuli},
   title = {Reliable logistics networks design with facility disruptions},
   journal = {Transportation Research Part B: Methodological},
   volume = {45},
   number = {8},
   pages = {1190-1211},
   ISSN = {01912615},
   year = {2011},
   type = {Journal Article}
}

@article{Lixiapeng2010,
   author = {Li, Xiaopeng and Ouyang, Yanfeng},
   title = {A continuum approximation approach to reliable facility location design under correlated probabilistic disruptions},
   journal = {Transportation Research Part B: Methodological},
   volume = {44},
   number = {4},
   pages = {535-548},
   ISSN = {01912615},
   year = {2010},
   type = {Journal Article}
}

@article{yun2019,
   author = {Yun, Lifen and Fan, Hongqiang and Li, Xiaopeng},
   title = {Reliable facility location design with round-trip transportation under imperfect information part II: A continuous model},
   journal = {Transportation Research Part B: Methodological},
   volume = {124},
   pages = {44-59},
   ISSN = {01912615},
   year = {2019},
   type = {Journal Article}
}

@article{fan,
   author = {Fan, H. Q. and Yun, L. F. and Li, X. P.},
   title = {A linear-time crystal-growth algorithm for discretization of continuum approximation},
   journal = {Transportation Research Part E-Logistics and Transportation Review},
   volume = {161},
   pages = {26},
   ISSN = {1366-5545},
   year = {2022},
   type = {Journal Article}
}


@article{an2014reliable,
  title={Reliable p-median facility location problem: two-stage robust models and algorithms},
  author={An, Yu and Zeng, Bo and Zhang, Yu and Zhao, Long},
  journal={Transportation Research Part B: Methodological},
  volume={64},
  pages={54--72},
  year={2014},
  publisher={Elsevier}
}


@article{jiang,
   author = {Jiang, Zhoutong and Ouyang, Yanfeng},
   title = {Reliable location of first responder stations for cooperative response to disasters},
   journal = {Transportation Research Part B: Methodological},
   volume = {149},
   pages = {20-32},
   ISSN = {01912615},
   year = {2021},
   type = {Journal Article}
}


@article{BermanDist,
   author = {Berman, O. and Drezner, Z. and Wesolowsky, G. O.},
   title = {Locating service facilities whose reliability is distance dependent},
   journal = {Computers \& Operations Research},
   volume = {30},
   number = {11},
   pages = {1683-1695},
   ISSN = {0305-0548},
   year = {2003},
   type = {Journal Article}
}


@article{cheng,
	author = {Chun Cheng and Yossiri Adulyasak and Louis-Martin Rousseau},
	issn = {0305-0483},
	journal = {Omega},
	keywords = {Facility location, Uncertain demand, Disruption risk, Robust optimization},
	pages = {102429},
	title = {Robust facility location under demand uncertainty and facility disruptions},
	volume = {103},
	year = {2021},
}

@article{lim2013facility,
  title={Facility location decisions with random disruptions and imperfect estimation},
  author={Lim, Michael K and Bassamboo, Achal and Chopra, Sunil and Daskin, Mark S},
  journal={Manufacturing \& Service Operations Management},
  volume={15},
  number={2},
  pages={239--249},
  year={2013},
  publisher={INFORMS}
}

@article{SnyderReview,
   author = {Snyder, Lawrence V. and Atan, Zümbül and Peng, Peng and Rong, Ying and Schmitt, Amanda J. and Sinsoysal, Burcu},
   title = {OR/MS models for supply chain disruptions: a review},
   journal = {IIE Transactions},
   volume = {48},
   number = {2},
   pages = {89-109},
   year = {2015},
   type = {Journal Article}
}

@article{Govindan,
   author = {Govindan, Kannan and Fattahi, Mohammad and Keyvanshokooh, Esmaeil},
   title = {Supply chain network design under uncertainty: A comprehensive review and future research directions},
   journal = {European Journal of Operational Research},
   volume = {263},
   number = {1},
   pages = {108-141},
   ISSN = {03772217},
   year = {2017},
   type = {Journal Article}
}


@article{MohammadBenders,
	author = {Mohammad. Rohaninejad and Rashed Sahraeian and Reza Tavakkoli-Moghaddam},
	issn = {0360-8352},
	journal = {Computers \& Industrial Engineering},
	keywords = {Facility location, Reliability, Multi-echelon supply chain design, Accelerated Benders decomposition algorithm, Sample average approximation algorithm},
	pages = {523-534},
	title = {An accelerated Benders decomposition algorithm for reliable facility location problems in multi-echelon networks},
   volume = {124},
	year = {2018},
}


@article{Azad,
	author = {Azad, Nader and Hassini, Elkafi},
	journal = {Transportation Science},
	number = {5},
	pages = {1287-1312},
	title = {A Benders Decomposition Method for Designing Reliable Supply Chain Networks Accounting for Multimitigation Strategies and Demand Losses},
	volume = {53},
	year = {2019},
}

@masterthesis{Pirniya,
            year = {2017},
           month = {March},
           title = {Reliable Location Allocation Routing Design under Disruption: An Improved Column Generation Decomposition Approach},
          school = {Concordia University},
          address = {Montreal, Quebec, Canada},
          author = {Pirniya, Gounash}
}

@article{fischetti,
  title={Redesigning Benders decomposition for large-scale facility location},
  author={Fischetti, Matteo and Ljubi{\'c}, Ivana and Sinnl, Markus},
  journal={Management Science},
  volume={63},
  number={7},
  pages={2146--2162},
  year={2017},
  publisher={INFORMS}
}

@article{ortiz2019exact,
  title={An exact algorithm for multilevel uncapacitated facility location},
  author={Ortiz-Astorquiza, Camilo and Contreras, Ivan and Laporte, Gilbert},
  journal={Transportation Science},
  volume={53},
  number={4},
  pages={1085--1106},
  year={2019},
  publisher={INFORMS}
}

@article{wentges1996accelerating,
  title={Accelerating Benders' decomposition for the capacitated facility location problem},
  author={Wentges, Paul},
  journal={Mathematical Methods of Operations Research},
  volume={44},
  pages={267--290},
  year={1996},
  publisher={Springer}
}



@article{Cornuejols,
	author = {Cornuejols, Gerard and Fisher, Marshall L. and Nemhauser, George L.},
	journal = {Management Science},
	number = {8},
	pages = {789-810},
	title = {Exceptional Paper---Location of Bank Accounts to Optimize Float: An Analytic Study of Exact and Approximate Algorithms},
	volume = {23},
	year = {1977},
}

@article{wangjiguang,
   author = {Wang, Jiguang and Su, Kan and Wu, Yucai},
   title = {The Reliable Facility Location Problem Under Random Disruptions},
   journal = {Wireless Personal Communications},
   volume = {102},
   number = {4},
   pages = {2483-2497},
   ISSN = {0929-6212
1572-834X},
   year = {2018},
   type = {Journal Article}
}

@article{xie,
   author = {Xie, Weijun and Ouyang, Yanfeng and Wong, Sze Chun},
   title = {Reliable Location-Routing Design Under Probabilistic Facility Disruptions},
   journal = {Transportation Science},
   volume = {50},
   number = {3},
   pages = {1128-1138},
   ISSN = {0041-1655
1526-5447},
   year = {2016},
   type = {Journal Article}
}

@article{rainns,
   author = {Rainwater, Chase and Geunes, Joseph and Romeijn, H. Edwin},
   title = {A facility neighborhood search heuristic for capacitated facility location with single-source constraints and flexible demand},
   journal = {Journal of Heuristics},
   volume = {18},
   number = {2},
   pages = {297-315},
   ISSN = {1381-1231
1572-9397},
   year = {2011},
   type = {Journal Article}
}

@article{Rahmani,
   author = {Rahmani, A. and MirHassani, S. A.},
   title = {A hybrid Firefly-Genetic Algorithm for the capacitated facility location problem},
   journal = {Information Sciences},
   volume = {283},
   pages = {70-78},
   ISSN = {00200255},
   year = {2014},
   type = {Journal Article}
}

@article{ts,
   author = {Silva, M. R. and Cunha, C. B.},
   title = {A tabu search heuristic for the uncapacitated single allocation p-hub maximal covering problem},
   journal = {European Journal of Operational Research},
   volume = {262},
   number = {3},
   pages = {954-965},
   year = {2017},
   type = {Journal Article}
}


@article{vns_ts,
   author = {Rahdar, Sahar and Ghanbari, Reza and Ghorbani-Moghadam, Khatere},
   title = {Tabu search and variable neighborhood search algorithms for solving interval bus terminal location problem},
   journal = {Applied Soft Computing},
   pages={116},
   year = {2022},
   type = {Journal Article}
}


@article{Afify,
   author = {Afify, Badr and Ray, Sujoy and Soeanu, Andrei and Awasthi, Anjali and Debbabi, Mourad and Allouche, Mohamad},
   title = {Evolutionary learning algorithm for reliable facility location under disruption},
   journal = {Expert Systems with Applications},
   volume = {115},
   pages = {223-244},
   year = {2019},
   type = {Journal Article}
}

@article{王艳敏,
   author = {王艳敏},
   title = {基于可靠性的供应链设施选址问题的优化模型},
   journal = {科学技术与工程},
   volume = {12},
   number = {11},
   pages = {2517-2520},
   ISSN = {1671-1815},
   year = {2012},
   type = {Journal Article}
}

@article{窦志武,
   author = {窦志武 and 邵亚楠 and 原智慧 and 季明昕},
   title = {物流节点选址研究综述},
   journal = {物流工程与管理},
   volume = {42},
   number = {07},
   pages = {1-4},
   ISSN = {1674-4993},
   year = {2020},
   type = {Journal Article},
   language = {zh}
}

@masterthesis{层次分析,
author = {王柯},
title = {基于层次分析法的亚龙商贸物流园区选址研究}, 
school = {昆明理工大学}, 
address = {昆明},
year = {2017} 
}

@masterthesis{重心法, 
author = {李楠}, 
title = {地下物流网络的节点选址和线路优化}, 
school = {江汉大学}, 
address = {武汉},
year = {2020} 
}

@article{数据包络分析, 
author = {王项 and 刘刚}, 
title = {基于数据包络分析的区域物流绩效分析——以全国性物流节点城市所在的省市为例}, 
journal = {物流工程与管理}, 
volume = {37}, 
pages = {78-81}, 
year = {2015}
}

@article{李政祥1,
   author = {李政祥},
   title = {基于可靠性的应急物流多目标选址问题模型研究},
   journal = {商},
   number = {30},
   pages = {262},
   ISSN = {1009-9808},
   year = {2016},
   type = {Journal Article}
}

@phdthesis{李政祥2,
   author = {李政祥},
   title = {考虑设施中断情景的可靠性应急物流网络优化设计研究},
   school = {重庆工商大学},
   address     = {重庆},
   type = {硕士},
   year = {2017},
}

@article{朱建明,
   author = {朱建明},
   title = {基于损毁情景的可靠连通应急设施选址问题},
   journal = {电子科技大学学报(社科版)},
   volume = {14},
   number = {03},
   pages = {44-48},
   ISSN = {1008-8105},
   year = {2012},
   type = {Journal Article}
}

@article{周愉峰应急,
   author = {周愉峰 and 马祖军 and 王恪铭},
   title = {应急物资储备库的可靠性P-中位选址模型},
   journal = {管理评论},
   volume = {27},
   number = {05},
   pages = {198-208},
   ISSN = {1003-1952},
   year = {2015},
   type = {Journal Article}
}

@phdthesis{张莹,
   author = {张莹},
   title = {考虑中断风险的供应链优化模型和算法研究},
   school = {清华大学},
   type = {博士},
   address     = {北京},
   year = {2016},
}

@phdthesis{汤罗浩,
   author = {汤罗浩},
   title = {考虑设施失效的选址问题、模型与算法},
   school = {国防科学技术大学},
   type = {博士},
   year = {2016},
   address     = {长沙},
}


@article{于冬梅,
   author = {于冬梅 and 高雷阜 and 赵世杰},
   title = {中断情境下可靠性应急设施选址-分配多目标优化模型},
   journal = {控制与决策},
   volume = {35},
   number = {06},
   pages = {1415-1420},
   ISSN = {1001-0920},
   year = {2020},
}

@phdthesis{李汉卿,
   author = {李汉卿},
   title = {中断风险下的供应链选址策略改进},
   school = {北京交通大学},
   address     = {北京},
   type = {博士},
   year = {2014},
}

@phdthesis{王子墨,
   author = {王子墨},
   title = {基于可靠性的设施选址问题研究},
   school = {山东科技大学},
   type = {硕士},
   address     = {青岛},
   year = {2018},
}

@phdthesis{王继光,
   author = {王继光},
   title = {中断情境下供应链设施选址优化研究},
   school = {山西大学},
   type = {博士},
   year = {2015},
   address = {太原}
}
@phdthesis{周浩,
   author = {周浩},
   title = {考虑线状需求的可靠性物流节点选址研究},
   school = {北京交通大学},
   type = {硕士},
   year = {2020},
   address     = {北京},
}

@article{朱江华,
   author = {朱江华 and 崔娜 and 朱庆 and 侯树展},
   title = {服务失效情况下可靠的物流园区选址模型},
   journal = {济南大学学报(自然科学版)},
   volume = {33},
   number = {02},
   pages = {101-106+114},
   ISSN = {1671-3559},
   year = {2019},
   type = {Journal Article},
   language = {zh}
}

@phdthesis{颜高民,
   author = {颜高民},
   title = {突发事件下应急物流可靠路径的搜索},
   school = {华中科技大学},
   type = {硕士},
   year = {2010},
   address     = {武汉},
}

@article{李锐,
   author = {李锐 and 李晓会 and 陈鑫},
   title = {可靠性绿色物流配送选址-路径问题研究},
   journal = {计算机工程与应用},
   volume = {56},
   number = {23},
   pages = {237-244},
   year = {2020},
   type = {Journal Article}
}

@article{任慧,
   author = {任慧 and 王东宇},
   title = {考虑多源协同供应网可靠选址路径集成优化问题},
   journal = {运筹与管理},
   volume = {32},
   number = {02},
   pages = {132-138},
   ISSN = {1007-3221},
   year = {2023},
   type = {Journal Article}
}

@article{石褚巍,
   author = {石褚巍 and 马昌喜 and 麻存瑞},
   title = {基于两阶段鲁棒优化的可靠性物流网络设计},
   journal = {交通运输系统工程与信息},
   pages = {1-20},
   ISSN = {1009-6744},
   type = {Journal Article},
   year = {2023}
}


@phdthesis{张鹏阁,
   author = {张鹏阁},
   title = {考虑配送中心中断的应急物流选址-路径优化研究},
   school = {郑州大学},
   year = {2021},
   address     = {郑州},
}


@inproceedings{孙晓飞, 
author = {孙晓飞 and 张强}, 
title = {物流配送中心选址的多目标优化模型}, 
booktitle = {中国企业运筹学[2010(1)]}, 
year = {2010}, 
editor = {中国运筹学会企业运筹学分会},
pages = {176-182}, 
publisher = {电子科技大学出版社},
address = {吉林}
}


@phdthesis{姚琦,
   author = {姚琦},
   title = {基于可靠性的生鲜农产品配送中心选址研究},
   school = {大连交通大学},
   type = {硕士},
   year = {2012},
   address = {大连},
}

@article{唐仁敏, 
   author = {唐仁敏}, 
   title = {推动“十四五”时期现代物流高质量发展}, 
   journal = {中国经贸导刊}, 
   volume = {1039}, 
   pages = {20-28}, 
   year = {2023}, 
   issn = {1007-9777}
}


@article{王微, 
   author = {王微}, 
   title = {在现代化新征程中更好地发挥现代物流的循环畅通作用}, 
   journal = {中国远洋海运}, 
   volume = {}, 
   pages = {24-26+8}, 
   year = {2023}, 
   issn = {2096-3890}, 
}
